:20:STARTUMSE
:25:NL91ABNA0417164300EUR
:28C:00000/001
:60F:C240101EUR1234,56
:61:2401020102D150,00NTRFNONREF//NONREF
:86:ACCOUNTANTSKANTOOR JANSEN /TRTP/SEPA OVERBOEKING/IBAN/NL91ABNA0417164300/BIC/ABNANL2A/NAME/ACCOUNTANTSKANTOOR JANSEN/REMI/FACTUUR 2024-001/EREF/NONREF
:61:2401050105C500,00NTRFNONREF//NONREF
:86:SALARIS WERKGEVER BV /TRTP/SEPA OVERBOEKING/IBAN/NL21INGB0001234567/BIC/INGBNL2A/NAME/WERKGEVER BV/REMI/SALARIS JANUARI 2024/EREF/NONREF
:61:2401100110D29,99NTRFNONREF//NONREF
:86:SPOTIFY /TRTP/SEPA OVERBOEKING/IBAN/NL24RABO0300065264/BIC/RABONL2U/NAME/SPOTIFY AB/REMI/SPOTIFY PREMIUM/EREF/NONREF
:61:2401150115D1250,00NTRFNONREF//NONREF
:86:HUUR /TRTP/SEPA OVERBOEKING/IBAN/NL43ABNA0628542239/BIC/ABNANL2A/NAME/VERHUURDER AMSTERDAM/REMI/HUUR JANUARI 2024/EREF/NONREF
:61:2401200120D65,00NTRFNONREF//NONREF
:86:BELASTINGDIENST /TRTP/SEPA OVERBOEKING/IBAN/NL86INGB0002445588/BIC/INGBNL2A/NAME/BELASTINGDIENST/REMI/VOORLOPIGE AANSLAG 2024/EREF/NONREF
:62F:C240120EUR239,57
-
